@article{buchberger2006bruno,
  title={Bruno {Buchbergerâ€™s PhD} thesis 1965: An algorithm for finding the basis elements of the residue class ring of a zero dimensional polynomial ideal},
  author={Buchberger, Bruno},
  journal={Journal of symbolic computation},
  volume={41},
  number={3-4},
  pages={475--511},
  year={2006},
  publisher={Elsevier}
}

@inproceedings{kapur2010new,
  title={A new algorithm for computing comprehensive {G}r{\"o}bner systems},
  author={Kapur, Deepak and Sun, Yao and Wang, Dingkang},
  booktitle={Proceedings of the 2010 International Symposium on Symbolic and Algebraic Computation},
  pages={29--36},
  year={2010}
}

@article{faugere1999new,
  title={A new efficient algorithm for computing {G}r{\"o}bner bases (F4)},
  author={Faugere, Jean-Charles},
  journal={Journal of pure and applied algebra},
  volume={139},
  number={1-3},
  pages={61--88},
  year={1999},
  publisher={Elsevier}
}

@article{faugere1993efficient,
  title={Efficient computation of zero-dimensional {G}r{\"o}bner bases by change of ordering},
  author={Faugere, Jean-Charles and Gianni, Patrizia and Lazard, Daniel and Mora, Teo},
  journal={Journal of Symbolic Computation},
  volume={16},
  number={4},
  pages={329--344},
  year={1993},
  publisher={Elsevier}
}

@article{collart1993grobner,
  title={The {G}r{\"o}bner walk},
  author={Collart, Stephane and Kalkbrener, Michael and Mall, Daniel},
  journal={Dept. of Math., Swiss Federal Inst. of Tech},
  volume={8092},
  year={1993},
  publisher={Citeseer}
}

@article{gritzmann1993minkowski,
  title={Minkowski addition of polytopes: computational complexity and applications to {G}r{\"o}bner bases},
  author={Gritzmann, Peter and Sturmfels, Bernd},
  journal={SIAM Journal on Discrete Mathematics},
  volume={6},
  number={2},
  pages={246--269},
  year={1993},
  publisher={SIAM}
}

@article{sturmfels1997structural,
  title={Structural {G}r{\"o}bner basis detection},
  author={Sturmfels, Bernd and Wiegelmann, Markus},
  journal={Applicable Algebra in Engineering, Communication and Computing},
  volume={8},
  number={4},
  pages={257--263},
  year={1997},
  publisher={Springer}
}

@article{weispfenning1992comprehensive,
  title={Comprehensive gr{\"o}bner bases},
  author={Weispfenning, Volker},
  journal={Journal of Symbolic Computation},
  volume={14},
  number={1},
  pages={1--29},
  year={1992},
  publisher={Elsevier}
}

@incollection {MR826583,
   AUTHOR = {Robbiano, Lorenzo},
    TITLE = {Term orderings on the polynomial ring},
BOOKTITLE = {E{UROCAL} '85, {V}ol. 2 ({L}inz, 1985)},
   SERIES = {Lecture Notes in Comput. Sci.},
   VOLUME = {204},
    PAGES = {513--517},
PUBLISHER = {Springer, Berlin},
     YEAR = {1985},
  MRCLASS = {13B25 (06F15 32B05)},
 MRNUMBER = {826583},
MRREVIEWER = {David C. Lantz},
      DOI = {10.1007/3-540-15984-3_321},
      URL = {https://doi.org/10.1007/3-540-15984-3_321},
}

@misc{freeke2009linking,
  title={Linking Groebner Bases and Toric Varieties},
  author={Freeke, Jacqueline},
  year={2009},
  publisher={Glasgow}
}

@book{plummer1986matching,
  title={Matching theory},
  author={Plummer, Michael D and Lov{\'a}sz, L{\'a}szl{\'o}},
  year={1986},
  publisher={Elsevier}
}

@book{schrijver1998theory,
  title={Theory of linear and integer programming},
  author={Schrijver, Alexander},
  year={1998},
  publisher={John Wiley \& Sons}
}

@article{suzuki2003alternative,
  title={An alternative approach to comprehensive Gr{\"o}bner bases},
  author={Suzuki, Akira and Sato, Yosuke},
  journal={Journal of Symbolic Computation},
  volume={36},
  number={3-4},
  pages={649--667},
  year={2003},
  publisher={Elsevier}
}